  @misc{ enwiki:1280806309,
    author = "{Wikipedia contributors}",
    title = "Fairness measure --- {Wikipedia}{,} The Free Encyclopedia",
    year = "2025",
    howpublished = "\url{https://en.wikipedia.org/w/index.php?title=Fairness_measure&oldid=1280806309}",
    note = "[Online; accessed 2-October-2025]"
  }